@misc{madlib,
    title = {MADlib: An in-database analytics platform},
    author = {{The Predictive Analytics Team at Pivotal Inc.}},
    year = {2013},
    howpublished = {{http://madlib.net}}
}

@article{mad-skills,
    title = {MAD skills: new analysis practices for big data},
    author = {Jeffrey Cohen and Brian Dolan and Mark Dunlap and Joseph M. Hellerstein and Caleb Welton},
    year = {2009},
    journal = {Proceedings of the VLDB Endowment},
    volume = {2-2},
    pages = {1481-1492}
}

@misc{pivotalr,
    title = {PivotalR: An R front-end to both GPDB/Postgres and MADlib},
    author = {{The predictive Analytics Team at Pivotal Inc.}},
    year = {2013},
    howpublished = {{http://cran.r-project.org/web/packages/PivotalR/index.html}}
}

@misc{python-madlib,
    title = {Some name},
    author = {{Vatsan}},
    year = {2013},
    howpublished = {{some url}}
}


